@incollection{example,
		AUTHOR = "Muntz, Curtis M.",
		TITLE = "Woo Spring Break Example Woo Woo",
		BOOKTITLE = "Book of Woo",
		publisher = "Curtis \& Co.",
		address = "New York",
		year = "1902",
		pages = "1-10",
		howpublished = "\url{http://www.example.com}"
	}



@incollection{imgProc,
		AUTHOR = "Dave, Student",
		TITLE = "Basic image processing with matlab code",
		publisher = "weebly.com",
		year = "2012",
		howpublished = "\url{http://studentdavestutorials.weebly.com/basic-image-processing-with-matlab.html}"
	}
	
@incollection{multVid,
		AUTHOR = "FFmpeg",
		TITLE = "Create a mosaic out of several input videos",
		publisher = "ffmpeg.org",
		year = "2013",
		howpublished = "\url{http://trac.ffmpeg.org/wiki/Create%20a%20mosaic%20out%20of%20several%20input%20videos}"
	}

@incollection{vidCrea,
		AUTHOR = "Mathworks",
		TITLE = "Convert Between Image Sequences and Video",
		publisher = "Mathworks",
		year = "2014",
		howpublished = "\url{http://www.mathworks.com/help/matlab/examples/convert-between-image-sequences-and-video.html}"
	}